<?xml version="1.0" encoding="UTF-8"?><record xmlns="http://www.loc.gov/MARC21/slim" xmlns:cinclude="http://apache.org/cocoon/include/1.0" xmlns:zs="http://www.loc.gov/zing/srw/">
  <leader>00302nz  a2200121n  4500</leader>
  <controlfield tag="001">n  82277731 </controlfield>
  <controlfield tag="003">DLC</controlfield>
  <controlfield tag="005">19840417000000.0</controlfield>
  <controlfield tag="008">840314n| acannaab|          |n aaa ||| c</controlfield>
  <datafield tag="010" ind1=" " ind2=" ">
    <subfield code="a">n  82277731 </subfield>
  </datafield>
  <datafield tag="040" ind1=" " ind2=" ">
    <subfield code="a">IU</subfield>
    <subfield code="c">DLC</subfield>
  </datafield>
  <datafield tag="100" ind1="1" ind2="0">
    <subfield code="a">Landa, V.</subfield>
  </datafield>
  <datafield tag="670" ind1=" " ind2=" ">
    <subfield code="a">Sbornik molodykh pisateleiĚ [MI], 1911:</subfield>
    <subfield code="b">t.p. (V. Landy)</subfield>
  </datafield>
</record>